<record><leader>00000cas a22000007a 4500</leader><controlfield tag="001">21480718</controlfield><controlfield tag="008">900504d188819uucouwr ne      0    0eng d</controlfield><datafield ind1=" " ind2=" " tag="010"><subfield code="a">sn 90051323 </subfield></datafield><datafield ind1=" " ind2=" " tag="040"><subfield code="a">CNQ</subfield><subfield code="b">eng</subfield><subfield code="c">CNQ</subfield><subfield code="d">OCLCQ</subfield></datafield><datafield ind1=" " ind2=" " tag="042"><subfield code="a">msc</subfield></datafield><datafield ind1="0" ind2=" " tag="130"><subfield code="a">Morgan County herald (Fort Morgan, Colo. : 1888)</subfield></datafield><datafield ind1="1" ind2="0" tag="245"><subfield code="a">Morgan County herald.</subfield></datafield><datafield ind1=" " ind2=" " tag="260"><subfield code="a">Fort Morgan, Colo. :</subfield><subfield code="b">James Flannigen</subfield></datafield><datafield ind1=" " ind2=" " tag="300"><subfield code="a">v.</subfield></datafield><datafield ind1=" " ind2=" " tag="310"><subfield code="a">Weekly</subfield></datafield><datafield ind1="1" ind2=" " tag="362"><subfield code="a">Began in 1888?</subfield></datafield><datafield ind1=" " ind2=" " tag="530"><subfield code="a">Available on microfilm from the Colorado Historical Society.</subfield></datafield><datafield ind1=" " ind2=" " tag="588"><subfield code="a">Description based on: Vol. 8, no. 45 (Jan. 15, 1897).</subfield></datafield><datafield ind1=" " ind2=" " tag="752"><subfield code="a">United States</subfield><subfield code="b">Colorado</subfield><subfield code="c">Morgan</subfield><subfield code="d">Fort Morgan.</subfield></datafield></record>